[gd_resource type="SpriteFrames" load_steps=30 format=2]

[ext_resource path="res://src/assets/characters/Character1_32.png" type="Texture" id=2]

[sub_resource type="AtlasTexture" id=1]
flags = 4
atlas = ExtResource( 2 )
region = Rect2( 32, 0, 32, 64 )

[sub_resource type="AtlasTexture" id=35]
flags = 4
atlas = ExtResource( 2 )
region = Rect2( 384, 128, 32, 64 )

[sub_resource type="AtlasTexture" id=36]
flags = 4
atlas = ExtResource( 2 )
region = Rect2( 416, 128, 32, 64 )

[sub_resource type="AtlasTexture" id=37]
flags = 4
atlas = ExtResource( 2 )
region = Rect2( 448, 128, 32, 64 )

[sub_resource type="AtlasTexture" id=38]
flags = 4
atlas = ExtResource( 2 )
region = Rect2( 480, 128, 32, 64 )

[sub_resource type="AtlasTexture" id=39]
flags = 4
atlas = ExtResource( 2 )
region = Rect2( 512, 128, 32, 64 )

[sub_resource type="AtlasTexture" id=40]
flags = 4
atlas = ExtResource( 2 )
region = Rect2( 544, 128, 32, 64 )

[sub_resource type="AtlasTexture" id=8]
flags = 4
atlas = ExtResource( 2 )
region = Rect2( 96, 0, 32, 64 )

[sub_resource type="AtlasTexture" id=53]
flags = 4
atlas = ExtResource( 2 )
region = Rect2( 192, 128, 32, 64 )

[sub_resource type="AtlasTexture" id=54]
flags = 4
atlas = ExtResource( 2 )
region = Rect2( 224, 128, 32, 64 )

[sub_resource type="AtlasTexture" id=55]
flags = 4
atlas = ExtResource( 2 )
region = Rect2( 256, 128, 32, 64 )

[sub_resource type="AtlasTexture" id=56]
flags = 4
atlas = ExtResource( 2 )
region = Rect2( 288, 128, 32, 64 )

[sub_resource type="AtlasTexture" id=57]
flags = 4
atlas = ExtResource( 2 )
region = Rect2( 320, 128, 32, 64 )

[sub_resource type="AtlasTexture" id=58]
flags = 4
atlas = ExtResource( 2 )
region = Rect2( 352, 128, 32, 64 )

[sub_resource type="AtlasTexture" id=15]
flags = 4
atlas = ExtResource( 2 )
region = Rect2( 64, 0, 32, 64 )

[sub_resource type="AtlasTexture" id=29]
flags = 4
atlas = ExtResource( 2 )
region = Rect2( 0, 128, 32, 64 )

[sub_resource type="AtlasTexture" id=30]
flags = 4
atlas = ExtResource( 2 )
region = Rect2( 32, 128, 32, 64 )

[sub_resource type="AtlasTexture" id=31]
flags = 4
atlas = ExtResource( 2 )
region = Rect2( 64, 128, 32, 64 )

[sub_resource type="AtlasTexture" id=32]
flags = 4
atlas = ExtResource( 2 )
region = Rect2( 96, 128, 32, 64 )

[sub_resource type="AtlasTexture" id=33]
flags = 4
atlas = ExtResource( 2 )
region = Rect2( 128, 128, 32, 64 )

[sub_resource type="AtlasTexture" id=34]
flags = 4
atlas = ExtResource( 2 )
region = Rect2( 160, 128, 32, 64 )

[sub_resource type="AtlasTexture" id=22]
flags = 4
atlas = ExtResource( 2 )
region = Rect2( 0, 0, 32, 64 )

[sub_resource type="AtlasTexture" id=47]
flags = 4
atlas = ExtResource( 2 )
region = Rect2( 576, 128, 32, 64 )

[sub_resource type="AtlasTexture" id=48]
flags = 4
atlas = ExtResource( 2 )
region = Rect2( 608, 128, 32, 64 )

[sub_resource type="AtlasTexture" id=49]
flags = 4
atlas = ExtResource( 2 )
region = Rect2( 640, 128, 32, 64 )

[sub_resource type="AtlasTexture" id=50]
flags = 4
atlas = ExtResource( 2 )
region = Rect2( 672, 128, 32, 64 )

[sub_resource type="AtlasTexture" id=51]
flags = 4
atlas = ExtResource( 2 )
region = Rect2( 704, 128, 32, 64 )

[sub_resource type="AtlasTexture" id=52]
flags = 4
atlas = ExtResource( 2 )
region = Rect2( 736, 128, 32, 64 )

[resource]
animations = [ {
"frames": [ SubResource( 1 ) ],
"loop": false,
"name": "stand_north",
"speed": 5.0
}, {
"frames": [ SubResource( 35 ), SubResource( 36 ), SubResource( 37 ), SubResource( 38 ), SubResource( 39 ), SubResource( 40 ) ],
"loop": true,
"name": "walk_west",
"speed": 5.0
}, {
"frames": [ SubResource( 8 ) ],
"loop": false,
"name": "stand_south",
"speed": 5.0
}, {
"frames": [ SubResource( 53 ), SubResource( 54 ), SubResource( 55 ), SubResource( 56 ), SubResource( 57 ), SubResource( 58 ) ],
"loop": true,
"name": "walk_north",
"speed": 5.0
}, {
"frames": [ SubResource( 15 ) ],
"loop": false,
"name": "stand_west",
"speed": 5.0
}, {
"frames": [ SubResource( 29 ), SubResource( 30 ), SubResource( 31 ), SubResource( 32 ), SubResource( 33 ), SubResource( 34 ) ],
"loop": true,
"name": "walk_east",
"speed": 5.0
}, {
"frames": [ SubResource( 22 ) ],
"loop": false,
"name": "stand_east",
"speed": 5.0
}, {
"frames": [ SubResource( 47 ), SubResource( 48 ), SubResource( 49 ), SubResource( 50 ), SubResource( 51 ), SubResource( 52 ) ],
"loop": true,
"name": "walk_south",
"speed": 5.0
} ]
